%YAML 1.1
%TAG !u! tag:unity3d.com,2011:
--- !u!244 &-7699381711086167133
AudioMixerEffectController:
  m_ObjectHideFlags: 3
  m_CorrespondingSourceObject: {fileID: 0}
  m_PrefabInstance: {fileID: 0}
  m_PrefabAsset: {fileID: 0}
  m_Name: 
  m_EffectID: ed66ce56f8ee6b440ac907287f130e65
  m_EffectName: Attenuation
  m_MixLevel: 32086023a1e3c4743a2813e0a962c386
  m_Parameters: []
  m_SendTarget: {fileID: 0}
  m_EnableWetMix: 0
  m_Bypass: 0
--- !u!244 &-639964730252694038
AudioMixerEffectController:
  m_ObjectHideFlags: 3
  m_CorrespondingSourceObject: {fileID: 0}
  m_PrefabInstance: {fileID: 0}
  m_PrefabAsset: {fileID: 0}
  m_Name: 
  m_EffectID: f12f778d14bdd1a4a82efb4df4e7a6eb
  m_EffectName: Highpass Simple
  m_MixLevel: 1864ffbcb1a91fd449b7228d15c2b1b6
  m_Parameters:
  - m_ParameterName: Cutoff freq
    m_GUID: a1e0494d33363484aaa91f30f64accb0
  m_SendTarget: {fileID: 0}
  m_EnableWetMix: 0
  m_Bypass: 0
--- !u!241 &24100000
AudioMixerController:
  m_ObjectHideFlags: 0
  m_CorrespondingSourceObject: {fileID: 0}
  m_PrefabInstance: {fileID: 0}
  m_PrefabAsset: {fileID: 0}
  m_Name: Music
  m_OutputGroup: {fileID: 0}
  m_MasterGroup: {fileID: 24300002}
  m_Snapshots:
  - {fileID: 24500006}
  m_StartSnapshot: {fileID: 24500006}
  m_SuspendThreshold: -80
  m_EnableSuspend: 1
  m_UpdateMode: 0
  m_ExposedParameters: []
  m_AudioMixerGroupViews:
  - guids:
    - 0846e8c3a2d1d0743a6b4a8bec62f762
    - 9e25ada881db7714d9194ebb6d57f158
    - 0e479cc6d59a3ee40a6fd483a560b71d
    name: View
  m_CurrentViewIndex: 0
  m_TargetSnapshot: {fileID: 24500006}
--- !u!243 &24300002
AudioMixerGroupController:
  m_ObjectHideFlags: 0
  m_CorrespondingSourceObject: {fileID: 0}
  m_PrefabInstance: {fileID: 0}
  m_PrefabAsset: {fileID: 0}
  m_Name: Master
  m_AudioMixer: {fileID: 24100000}
  m_GroupID: 0846e8c3a2d1d0743a6b4a8bec62f762
  m_Children:
  - {fileID: 3087230663009937664}
  - {fileID: 4713699526247216171}
  m_Volume: cefa1af6bbdfe1c4c85fc0a8196c2ad8
  m_Pitch: ae584bf021597964c892743e78472101
  m_Send: 00000000000000000000000000000000
  m_Effects:
  - {fileID: 24400004}
  m_UserColorIndex: 0
  m_Mute: 0
  m_Solo: 0
  m_BypassEffects: 0
--- !u!244 &24400004
AudioMixerEffectController:
  m_ObjectHideFlags: 3
  m_CorrespondingSourceObject: {fileID: 0}
  m_PrefabInstance: {fileID: 0}
  m_PrefabAsset: {fileID: 0}
  m_Name: 
  m_EffectID: 2805c30881fe1c748a20aaba8c101246
  m_EffectName: Attenuation
  m_MixLevel: 69504e2baa7f3d443915c4580fefa15e
  m_Parameters: []
  m_SendTarget: {fileID: 0}
  m_EnableWetMix: 0
  m_Bypass: 0
--- !u!245 &24500006
AudioMixerSnapshotController:
  m_ObjectHideFlags: 0
  m_CorrespondingSourceObject: {fileID: 0}
  m_PrefabInstance: {fileID: 0}
  m_PrefabAsset: {fileID: 0}
  m_Name: Snapshot
  m_AudioMixer: {fileID: 24100000}
  m_SnapshotID: 0eb0d07a8ced8884cb82e571adf55535
  m_FloatValues:
    332ffc4069a8fa948908a8c76e043002: 0.28100002
    dcf8de22f1a00f64e8566dcc05020b16: 0.058
    03f79a926ead2bf478918e8514c8e26e: -14.3
    e60818345ece26848afbf2d62a29c3b5: 7.1
    2c45eb05dcf002e47ac79913c27ce8ab: 2380
    688468551fbccbb4685cacdf4b0ac043: 0.925
    2a669995badf72c42b91b1c1bf487c8e: 16731
    aa352106546c3894f96e3db60c1c45f5: 0.374
    f01d6606aeaf00240a2b975d1dbbed2c: 103
    ce2ccaf7cf544e840a8a09467cd2974f: 13351
    a277d42a0c787f647b1f6ab607d7a301: 84
    f121318ba0a7bd0418ace7163e639eac: -3899
    3d318ddc7a130c749b94f4cec5b961e1: 186
    a1e0494d33363484aaa91f30f64accb0: 2218
    21fbabbd50b97fb4c8030d02fcdb39ca: 1.48
    916bb45efbcb97f46911c692f34798f3: 0.65
    4f3c228e8bd3e74458942f05d876a214: -15
    ed959d8fb6e84d4448ddb18cbfc45de5: 3
  m_TransitionOverrides: {}
--- !u!243 &3087230663009937664
AudioMixerGroupController:
  m_ObjectHideFlags: 0
  m_CorrespondingSourceObject: {fileID: 0}
  m_PrefabInstance: {fileID: 0}
  m_PrefabAsset: {fileID: 0}
  m_Name: Music
  m_AudioMixer: {fileID: 24100000}
  m_GroupID: 9e25ada881db7714d9194ebb6d57f158
  m_Children: []
  m_Volume: 4f3c228e8bd3e74458942f05d876a214
  m_Pitch: fad8573346c711140b924d3231f0f6cf
  m_Send: 00000000000000000000000000000000
  m_Effects:
  - {fileID: 4924669565536272252}
  m_UserColorIndex: 0
  m_Mute: 0
  m_Solo: 0
  m_BypassEffects: 0
--- !u!244 &4455682834859924084
AudioMixerEffectController:
  m_ObjectHideFlags: 3
  m_CorrespondingSourceObject: {fileID: 0}
  m_PrefabInstance: {fileID: 0}
  m_PrefabAsset: {fileID: 0}
  m_Name: 
  m_EffectID: c420431bf186ea04bb24b8e1b22bf586
  m_EffectName: Normalize
  m_MixLevel: 3d2b56d5a419790489a7c7a30412d043
  m_Parameters:
  - m_ParameterName: Fade in time
    m_GUID: ce2ccaf7cf544e840a8a09467cd2974f
  - m_ParameterName: Lowest volume
    m_GUID: dcf8de22f1a00f64e8566dcc05020b16
  - m_ParameterName: Maximum amp
    m_GUID: ed959d8fb6e84d4448ddb18cbfc45de5
  m_SendTarget: {fileID: 0}
  m_EnableWetMix: 0
  m_Bypass: 0
--- !u!243 &4713699526247216171
AudioMixerGroupController:
  m_ObjectHideFlags: 0
  m_CorrespondingSourceObject: {fileID: 0}
  m_PrefabInstance: {fileID: 0}
  m_PrefabAsset: {fileID: 0}
  m_Name: effects
  m_AudioMixer: {fileID: 24100000}
  m_GroupID: 0e479cc6d59a3ee40a6fd483a560b71d
  m_Children: []
  m_Volume: 03f79a926ead2bf478918e8514c8e26e
  m_Pitch: 9a228d891683c8940b17961944af5aaf
  m_Send: 00000000000000000000000000000000
  m_Effects:
  - {fileID: -7699381711086167133}
  - {fileID: -639964730252694038}
  - {fileID: 4455682834859924084}
  m_UserColorIndex: 0
  m_Mute: 0
  m_Solo: 0
  m_BypassEffects: 0
--- !u!244 &4924669565536272252
AudioMixerEffectController:
  m_ObjectHideFlags: 3
  m_CorrespondingSourceObject: {fileID: 0}
  m_PrefabInstance: {fileID: 0}
  m_PrefabAsset: {fileID: 0}
  m_Name: 
  m_EffectID: 9699390e51c355142b01cef1b7d286d1
  m_EffectName: Attenuation
  m_MixLevel: 361edf80079f90641954e0b21201dded
  m_Parameters: []
  m_SendTarget: {fileID: 0}
  m_EnableWetMix: 0
  m_Bypass: 0
